[
  {
    "month":"2023-01",
    "transaction_count":64,
    "units_sold":1825,
    "monthly_revenue":343041.0,
    "avg_order_value":5360.02,
    "avg_discount":6.33
  },
  {
    "month":"2023-02",
    "transaction_count":70,
    "units_sold":1851,
    "monthly_revenue":359240.5,
    "avg_order_value":5132.01,
    "avg_discount":4.71
  },
  {
    "month":"2023-03",
    "transaction_count":78,
    "units_sold":2042,
    "monthly_revenue":412720.5,
    "avg_order_value":5291.29,
    "avg_discount":5.32
  },
  {
    "month":"2023-04",
    "transaction_count":67,
    "units_sold":1556,
    "monthly_revenue":295974.0,
    "avg_order_value":4417.52,
    "avg_discount":6.49
  },
  {
    "month":"2023-05",
    "transaction_count":90,
    "units_sold":2435,
    "monthly_revenue":486265.5,
    "avg_order_value":5402.95,
    "avg_discount":4.28
  },
  {
    "month":"2023-06",
    "transaction_count":93,
    "units_sold":2353,
    "monthly_revenue":492653.0,
    "avg_order_value":5297.34,
    "avg_discount":4.68
  },
  {
    "month":"2023-07",
    "transaction_count":91,
    "units_sold":2257,
    "monthly_revenue":454654.5,
    "avg_order_value":4996.2,
    "avg_discount":4.45
  },
  {
    "month":"2023-08",
    "transaction_count":80,
    "units_sold":2075,
    "monthly_revenue":373669.5,
    "avg_order_value":4670.87,
    "avg_discount":4.25
  },
  {
    "month":"2023-09",
    "transaction_count":84,
    "units_sold":2076,
    "monthly_revenue":395605.5,
    "avg_order_value":4709.59,
    "avg_discount":5.89
  },
  {
    "month":"2023-10",
    "transaction_count":75,
    "units_sold":1916,
    "monthly_revenue":372885.0,
    "avg_order_value":4971.8,
    "avg_discount":5.8
  },
  {
    "month":"2023-11",
    "transaction_count":76,
    "units_sold":1972,
    "monthly_revenue":395361.0,
    "avg_order_value":5202.12,
    "avg_discount":6.12
  },
  {
    "month":"2023-12",
    "transaction_count":95,
    "units_sold":2178,
    "monthly_revenue":419423.0,
    "avg_order_value":4414.98,
    "avg_discount":5.79
  },
  {
    "month":"2024-01",
    "transaction_count":87,
    "units_sold":2174,
    "monthly_revenue":411441.0,
    "avg_order_value":4729.21,
    "avg_discount":6.09
  },
  {
    "month":"2024-02",
    "transaction_count":83,
    "units_sold":2234,
    "monthly_revenue":429745.0,
    "avg_order_value":5177.65,
    "avg_discount":3.98
  },
  {
    "month":"2024-03",
    "transaction_count":85,
    "units_sold":2418,
    "monthly_revenue":462183.5,
    "avg_order_value":5437.45,
    "avg_discount":4.82
  },
  {
    "month":"2024-04",
    "transaction_count":85,
    "units_sold":2071,
    "monthly_revenue":409396.5,
    "avg_order_value":4816.43,
    "avg_discount":4.29
  },
  {
    "month":"2024-05",
    "transaction_count":93,
    "units_sold":2066,
    "monthly_revenue":435058.5,
    "avg_order_value":4678.05,
    "avg_discount":5.0
  },
  {
    "month":"2024-06",
    "transaction_count":69,
    "units_sold":1916,
    "monthly_revenue":349792.5,
    "avg_order_value":5069.46,
    "avg_discount":5.14
  },
  {
    "month":"2024-07",
    "transaction_count":78,
    "units_sold":1996,
    "monthly_revenue":401763.0,
    "avg_order_value":5150.81,
    "avg_discount":4.17
  },
  {
    "month":"2024-08",
    "transaction_count":95,
    "units_sold":2337,
    "monthly_revenue":457942.5,
    "avg_order_value":4820.45,
    "avg_discount":5.05
  },
  {
    "month":"2024-09",
    "transaction_count":80,
    "units_sold":2356,
    "monthly_revenue":463846.5,
    "avg_order_value":5798.08,
    "avg_discount":4.94
  },
  {
    "month":"2024-10",
    "transaction_count":92,
    "units_sold":2095,
    "monthly_revenue":424031.5,
    "avg_order_value":4609.04,
    "avg_discount":4.4
  },
  {
    "month":"2024-11",
    "transaction_count":87,
    "units_sold":2012,
    "monthly_revenue":405275.5,
    "avg_order_value":4658.34,
    "avg_discount":5.17
  },
  {
    "month":"2024-12",
    "transaction_count":103,
    "units_sold":2834,
    "monthly_revenue":560556.5,
    "avg_order_value":5442.3,
    "avg_discount":4.9
  }
]